<record><leader>00000cas a2200000 a 4500</leader><controlfield tag="001">16979378</controlfield><controlfield tag="008">871113d1966197uncusr ne      0   a0eng d</controlfield><datafield ind1=" " ind2=" " tag="010"><subfield code="a">sn 97064521 </subfield></datafield><datafield ind1=" " ind2=" " tag="040"><subfield code="a">WIH</subfield><subfield code="b">eng</subfield><subfield code="c">WIH</subfield><subfield code="d">NVJ</subfield><subfield code="d">OCL</subfield><subfield code="d">OCLCQ</subfield><subfield code="d">OCLCO</subfield><subfield code="d">OCLCF</subfield><subfield code="d">OCLCO</subfield><subfield code="d">OCLCA</subfield></datafield><datafield ind1="1" ind2=" " tag="029"><subfield code="a">AU@</subfield><subfield code="b">000013285248</subfield></datafield><datafield ind1=" " ind2=" " tag="042"><subfield code="a">msc</subfield></datafield><datafield ind1=" " ind2=" " tag="043"><subfield code="a">n-us-nc</subfield></datafield><datafield ind1="0" ind2=" " tag="130"><subfield code="a">Labor news (Durham, N.C.)</subfield></datafield><datafield ind1="1" ind2="0" tag="245"><subfield code="a">Labor news.</subfield></datafield><datafield ind1=" " ind2=" " tag="260"><subfield code="a">Durham, N.C. :</subfield><subfield code="b">Progressive Print. and Pub. Co.</subfield></datafield><datafield ind1=" " ind2=" " tag="300"><subfield code="a">v. :</subfield><subfield code="b">ill. ;</subfield><subfield code="c">ca. 42 cm.</subfield></datafield><datafield ind1=" " ind2=" " tag="310"><subfield code="a">Semimonthly,</subfield><subfield code="b">&lt;Nov. 20, 1970&gt;-&lt;June 29, 1973&gt;</subfield></datafield><datafield ind1=" " ind2=" " tag="321"><subfield code="a">Weekly,</subfield><subfield code="b">&lt;1966&gt;-&lt;Oct. 30, 1970&gt;</subfield></datafield><datafield ind1="1" ind2=" " tag="362"><subfield code="a">Began in 1966.</subfield></datafield><datafield ind1=" " ind2=" " tag="515"><subfield code="a">Misnumbered, Sept. 1, 1972- : Vol. 32, no. 8- issued as v. 36, no. 8-</subfield></datafield><datafield ind1=" " ind2=" " tag="530"><subfield code="a">Available on microfilm from the University of North Carolina Library at Chapel Hill.</subfield></datafield><datafield ind1=" " ind2=" " tag="550"><subfield code="a">Endorsed by Charlotte Labor Council and Durham Central Labor Council.</subfield></datafield><datafield ind1=" " ind2=" " tag="588"><subfield code="a">Description based on: Vol. 26, no. 24 (Sept. 30, 1966).</subfield></datafield><datafield ind1=" " ind2=" " tag="588"><subfield code="a">Latest issue consulted: Vol. 37 [i.e. 33], no. 1 (June 29, 1973).</subfield></datafield><datafield ind1=" " ind2="0" tag="650"><subfield code="a">Labor and laboring classes</subfield><subfield code="z">North Carolina</subfield><subfield code="v">Periodicals.</subfield></datafield><datafield ind1=" " ind2="0" tag="650"><subfield code="a">Labor unions</subfield><subfield code="z">North Carolina</subfield><subfield code="v">Periodicals.</subfield></datafield><datafield ind1=" " ind2="7" tag="655"><subfield code="a">Periodicals.</subfield><subfield code="2">fast</subfield><subfield code="0">(OCoLC)fst01411641</subfield></datafield><datafield ind1=" " ind2="7" tag="650"><subfield code="a">Labor and laboring classes.</subfield><subfield code="2">fast</subfield><subfield code="0">(OCoLC)fst01939166</subfield></datafield><datafield ind1=" " ind2="7" tag="650"><subfield code="a">Labor unions.</subfield><subfield code="2">fast</subfield><subfield code="0">(OCoLC)fst00990260</subfield></datafield><datafield ind1=" " ind2="7" tag="651"><subfield code="a">North Carolina.</subfield><subfield code="2">fast</subfield><subfield code="0">(OCoLC)fst01204304</subfield></datafield><datafield ind1="2" ind2=" " tag="710"><subfield code="a">Durham Central Labor Union.</subfield></datafield><datafield ind1=" " ind2=" " tag="752"><subfield code="a">United States</subfield><subfield code="b">North Carolina</subfield><subfield code="c">Durham</subfield><subfield code="d">Durham.</subfield></datafield><datafield ind1="0" ind2="0" tag="780"><subfield code="t">Carolina labor news (Durham, N.C. : 1964)</subfield><subfield code="w">(DLC)sn 97064520</subfield><subfield code="w">(OCoLC)16978827</subfield></datafield><datafield ind1="0" ind2="0" tag="785"><subfield code="t">Carolina labor news (Durham, N.C. : 1974)</subfield><subfield code="w">(DLC)sn 97064522</subfield><subfield code="w">(OCoLC)16980376</subfield></datafield></record>